
    <marc:record>
        <marc:leader>01570cpcaa2200313Ii 4500</marc:leader>
        <marc:controlfield tag="001">000846365</marc:controlfield>
        <marc:controlfield tag="005">20171101110807.0</marc:controlfield>
        <marc:controlfield tag="008">890228i18591871ncu                 eng d</marc:controlfield>
        <marc:datafield tag="035" ind1=" " ind2=" ">
            <marc:subfield code="a">19276449</marc:subfield>
        </marc:datafield>
        <marc:datafield tag="040" ind1=" " ind2=" ">
            <marc:subfield code="a">NDD</marc:subfield>
            <marc:subfield code="b">eng</marc:subfield>
            <marc:subfield code="e">rda</marc:subfield>
            <marc:subfield code="e">dacs</marc:subfield>
            <marc:subfield code="c">NDD</marc:subfield>
            <marc:subfield code="d">OCLCQ</marc:subfield>
            <marc:subfield code="d">OCLCO</marc:subfield>
            <marc:subfield code="d">NDD</marc:subfield>
        </marc:datafield>
        <marc:datafield tag="041" ind1=" " ind2=" ">
            <marc:subfield code="a">eng</marc:subfield>
        </marc:datafield>
        <marc:datafield tag="043" ind1=" " ind2=" ">
            <marc:subfield code="a">n-usu--</marc:subfield>
        </marc:datafield>
        <marc:datafield tag="049" ind1=" " ind2=" ">
            <marc:subfield code="a">NDDP</marc:subfield>
        </marc:datafield>
        <marc:datafield tag="100" ind1="1" ind2=" ">
            <marc:subfield code="a">Carmichael, Margaret Caroline Stockton,</marc:subfield>
            <marc:subfield code="e">creator.</marc:subfield>
        </marc:datafield>
        <marc:datafield tag="245" ind1="1" ind2="0">
            <marc:subfield code="a">Margaret Carolina Stockton Carmichael papers,</marc:subfield>
            <marc:subfield code="f">1859-1871.</marc:subfield>
        </marc:datafield>
        <marc:datafield tag="264" ind1=" " ind2="0">
            <marc:subfield code="c">1859-1871.</marc:subfield>
        </marc:datafield>
        <marc:datafield tag="300" ind1=" " ind2=" ">
            <marc:subfield code="a">130</marc:subfield>
            <marc:subfield code="f">items.</marc:subfield>
        </marc:datafield>
        <marc:datafield tag="336" ind1=" " ind2=" ">
            <marc:subfield code="a">text</marc:subfield>
            <marc:subfield code="b">txt</marc:subfield>
            <marc:subfield code="2">rdacontent</marc:subfield>
        </marc:datafield>
        <marc:datafield tag="337" ind1=" " ind2=" ">
            <marc:subfield code="a">unmediated</marc:subfield>
            <marc:subfield code="b">n</marc:subfield>
            <marc:subfield code="2">rdamedia</marc:subfield>
        </marc:datafield>
        <marc:datafield tag="338" ind1=" " ind2=" ">
            <marc:subfield code="a">sheet</marc:subfield>
            <marc:subfield code="b">nb</marc:subfield>
            <marc:subfield code="2">rdacarrier</marc:subfield>
        </marc:datafield>
        <marc:datafield tag="545" ind1=" " ind2=" ">
            <marc:subfield code="a">Graduate of Concord Female College, Statesville, N.C.</marc:subfield>
        </marc:datafield>
        <marc:datafield tag="520" ind1="8" ind2=" ">
            <marc:subfield code="a">Collection contains family correspondence of Margaret Stockton Carmichael, largely dating from before her marriage to William W. Carmichael in May 1870. Includes letters from school classmates and friends at the Concord Female College, as well as Civil War letters. Following the war William Carmichael moved to Abilene, Kansas, to engage in the cattle business; the bulk of the correspondence is from him to Margaret during their courtship. Additional letters from 1871 document a visit back to Statesville following her marriage.</marc:subfield>
        </marc:datafield>
        <marc:datafield tag="610" ind1="2" ind2="0">
            <marc:subfield code="a">Concord Female College (Statesville, N.C.)</marc:subfield>
        </marc:datafield>
        <marc:datafield tag="651" ind1=" " ind2="0">
            <marc:subfield code="a">United States</marc:subfield>
            <marc:subfield code="x">History</marc:subfield>
            <marc:subfield code="y">Civil War, 1861-1865.</marc:subfield>
        </marc:datafield>
        <marc:datafield tag="651" ind1=" " ind2="0">
            <marc:subfield code="a">Statesville (N.C.)</marc:subfield>
            <marc:subfield code="y">19th century.</marc:subfield>
        </marc:datafield>
        <marc:datafield tag="651" ind1=" " ind2="0">
            <marc:subfield code="a">Abilene (Kan.)</marc:subfield>
            <marc:subfield code="y">19th century.</marc:subfield>
        </marc:datafield>
        <marc:datafield tag="650" ind1=" " ind2="0">
            <marc:subfield code="a">Women's colleges</marc:subfield>
            <marc:subfield code="x">Students.</marc:subfield>
        </marc:datafield>
        <marc:datafield tag="650" ind1=" " ind2="0">
            <marc:subfield code="a">Courtship</marc:subfield>
            <marc:subfield code="z">Southern States.</marc:subfield>
        </marc:datafield>
        <marc:datafield tag="700" ind1="1" ind2=" ">
            <marc:subfield code="a">Carmichael, William W.,</marc:subfield>
            <marc:subfield code="e">correspondent.</marc:subfield>
        </marc:datafield>
    </marc:record>